@inproceedings{Desmarais2011,
  title={Conditions for effectively deriving a q-matrix from data with non-negative matrix factorization},
  author={Desmarais, Michel C. and others},
  booktitle={4th International Conference on Educational Data Mining, EDM},
  pages={41--50},
  year={2011}
}

@article{Desmarais2012,
  title={A review of recent advances in learner and skill modeling in intelligent learning environments},
  author={Desmarais, Michel C. and Baker, Ryan S.J.D.},
  journal={User Modeling and User-Adapted Interaction},
  volume={22},
  number={1-2},
  pages={9--38},
  year={2012},
  publisher={Springer}
}

@article{Cheng2009,
  title={When cognitive diagnosis meets computerized adaptive testing: {CD-CAT}},
  author={Cheng, Ying},
  journal={Psychometrika},
  volume={74},
  number={4},
  pages={619--632},
  year={2009},
  publisher={Springer}
}

@inproceedings{Xu2003,
  title={A simulation study to compare {CAT} strategies for cognitive diagnosis},
  author={Xu, Xueli and Chang, H. and Douglas, Jeff},
  booktitle={annual meeting of the American Educational Research Association, Chicago},
  year={2003}
}

@article{Huebner2010,
  title={An Overview of Recent Developments in Cognitive Diagnostic Computer Adaptive Assessments.},
  author={Huebner, Alan},
  journal={Practical Assessment, Research \& Evaluation},
  volume={15},
  number={3},
  pages={n3},
  year={2010},
  publisher={ERIC}
}

@article{MagisRaiche2012,
    author =  "David Magis and Gilles Ra√Æche",
    title =   {Random Generation of Response Patterns under Computerized Adaptive Testing with the {R} Package {catR}},
    journal = "Journal of Statistical Software",
    volume =  "48",
    number =  "8",
    pages =   "1--31",
    day =     "24",
    month =   "5",
    year =    "2012",
    CODEN =   "JSSOBK",
    ISSN =    "1548-7660",
    bibdate = "2012-01-09",
    URL =     "http://www.jstatsoft.org/v48/i08",
    accepted =    "2012-01-09",
    acknowledgement = "",
    keywords =    "",
    submitted =   "2011-04-22",
}

@inproceedings{Barnes2005,
  title={The q-matrix method: Mining student response data for knowledge},
  author={Barnes, Tiffany},
  booktitle={American Association for Artificial Intelligence 2005 Educational Data Mining Workshop},
  year={2005}
}

@article{Tatsuoka1983,
  title={Rule space: An approach for dealing with misconceptions based on item response theory},
  author={Tatsuoka, Kikumi K.},
  journal={Journal of Educational Measurement},
  volume={20},
  number={4},
  pages={345--354},
  year={1983},
  publisher={Wiley Online Library}
}

@book{Baker2004,
  title={Item response theory: Parameter estimation techniques},
  author={Baker, Frank B. and Kim, Seock-Ho},
  year={2004},
  publisher={CRC Press}
}

@article{DeLaTorreDouglas2004,
  title={Higher-order latent trait models for cognitive diagnosis},
  author={De La Torre, Jimmy and Douglas, Jeffrey A.},
  journal={Psychometrika},
  volume={69},
  number={3},
  pages={333--353},
  year={2004},
  publisher={Springer}
}

@article{McGlohen2008,
  title={Combining computer adaptive testing technology with cognitively diagnostic assessment},
  author={McGlohen, Meghan and Chang, Hua-Hua},
  journal={Behavior Research Methods},
  volume={40},
  number={3},
  pages={808--821},
  year={2008},
  publisher={Springer}
}

@article{Barnes2003,
  title={The q-matrix method of fault-tolerant teaching in knowledge assessment and data mining},
  author={Barnes, Tiffany Michelle},
  year={2003}
}

@article{Rizopoulos2006,
  author =	"Dimitris Rizopoulos",
  title =	"ltm: An {R} Package for Latent Variable Modeling and Item Response Analysis",
  journal =	"Journal of Statistical Software",
  volume =	"17",
  number =	"5",
  pages =	"1--25",
  day =  	"20",
  month =	"11",
  year = 	"2006",
  CODEN =	"JSSOBK",
  ISSN = 	"1548-7660",
  bibdate =	"2006-11-20",
  URL =  	"http://www.jstatsoft.org/v17/i05",
  accepted =	"2006-11-20",
  acknowledgement = "",
  keywords =	"",
  submitted =	"2006-05-08",
}

@incollection{Rudner2010,
  title={Implementing the Graduate Management Admission Test Computerized Adaptive Test},
  author={Rudner, Lawrence M.},
  booktitle={Elements of adaptive testing},
  pages={151--165},
  year={2010},
  publisher={Springer}
}

@book{Hambleton1991,
  title={Fundamentals of item response theory},
  author={Hambleton, Ronald K. and Swaminathan, Hariharan and Rogers, H. Jane},
  year={1991},
  publisher={Sage}
}

@article{Gneiting2007,
  title={Strictly proper scoring rules, prediction, and estimation},
  author={Gneiting, Tilmann and Raftery, Adrian E.},
  journal={Journal of the American Statistical Association},
  volume={102},
  number={477},
  pages={359--378},
  year={2007},
  publisher={Taylor \& Francis}
}

@article{Gautier2008,
  title={rpy2: A simple and efficient access to {R} from {Python}},
  author={Gautier, L.},
  URL =     "http://rpy.sourceforge.net/rpy2.html",

  year={2008}
}

@inproceedings{Winters2005,
  title={Topic extraction from item-level grades},
  author={Winters, Titus and Shelton, Christian and Payne, Tom and Mei, Guobiao},
  booktitle={American Association for Artificial Intelligence 2005 Workshop on Educational Datamining, Pittsburgh, PA},
  volume={1},
  number={2},
  pages={3},
  year={2005}
}

@inproceedings{Vats2013,
  title={Test-size reduction for concept estimation},
  author={Vats, Divyanshu and Studer, Christoph and Lan, Andrew S and Carin, Lawrence and Baraniuk, Richard G},
  booktitle={Proc. 6th Intl. Conf. on Educational Data Mining},
  pages={292--295},
  year={2013}
}

@article{Chang2014,
  title={Psychometrics Behind Computerized Adaptive Testing},
  author={Chang, Hua-Hua},
  journal={Psychometrika},
  pages={1--20},
  year={2014},
  publisher={Springer}
}

@article{Bradshaw2014,
    year={2014},
    issn={0033-3123},
    journal={Psychometrika},
    volume={79},
    number={3},
    doi={10.1007/s11336-013-9350-4},
    title={Combining Item Response Theory and Diagnostic Classification Models: A Psychometric Model for Scaling Ability and Diagnosing Misconceptions},
    url={http://dx.doi.org/10.1007/s11336-013-9350-4},
    publisher={Springer US},
    keywords={diagnostic classification models; item response theory; diagnosing student misconceptions; multidimensional measurement model; nominal response},
    author={Bradshaw, Laine and Templin, Jonathan},
    pages={403-425},
    language={English}
}

@article{Segall1996,
  title={Multidimensional adaptive testing},
  author={Segall, Daniel O},
  journal={Psychometrika},
  volume={61},
  number={2},
  pages={331--354},
  year={1996},
  publisher={Springer}
}

@article{Robitzsch2014,
  title={CDM: Cognitive diagnosis modeling},
  author={Robitzsch, A and Kiefer, T and George, AC and {\"U}nl{\"u}, A},
  journal={R Package version},
  volume={3},
  year={2014}
}

@article{DeCarlo2010,
  title={On the analysis of fraction subtraction data: The DINA model, classification, latent class sizes, and the Q-matrix},
  author={DeCarlo, Lawrence T},
  journal={Applied Psychological Measurement},
  year={2010},
  publisher={SAGE Publications}
}

@article{Eggen2012,
  title={Computerized adaptive testing item selection in computerized adaptive learning systems},
  author={Eggen, Theo JHM},
  year={2012},
  publisher={RCEC}
}

@article{Huo2014,
  title={A Hierarchical Multi-Unidimensional IRT Approach for Analyzing Sparse, Multi-Group Data for Integrative Data Analysis},
  author={Huo, Yan and de la Torre, Jimmy and Mun, Eun-Young and Kim, Su-Young and Ray, Anne E and Jiao, Yang and White, Helene R},
  journal={Psychometrika},
  pages={1--22},
  year={2014},
  publisher={Springer}
}

@article{Wang2013,
  title={Mutual information item selection method in cognitive diagnostic computerized adaptive testing with short test length},
  author={Wang, Chun},
  journal={Educational and Psychological Measurement},
  volume={73},
  number={6},
  pages={1017--1035},
  year={2013},
  publisher={SAGE Publications}
}

@book{Lord1980,
  title={Applications of item response theory to practical testing problems},
  author={Lord, Frederic M},
  year={1980},
  publisher={Routledge}
}
